@Book{flegel,
    title     = {Elektrotechnik f√ºr Maschinenbau und Mechatronik},
    publisher = {Hanser},
    year      = {2016},
    author    = {Georg Flegel and Karl Birnstiel and Wolfgang Nerreter},
    edition   = {10. Auflage}
}

@misc{htlwels,
    title     = "{Website HTL Wels}",
    howpublished = "\url{https://www.htl-wels.at}",
    note      = "{Zugriff: 19.07.2020}"
}

@manual{ GP2Y0E03,
    title       = "{ GP2Y0E03 Application Note}",
    publisher   = "Sharp",
}
